@Article{puntos,
author = {Germ\'an Paredes-Belmar, Armin L\"uer-Villagra, Vladimir Marianov, Cristi\'an E. Cort\'es, Andr\'es Bronfman},
title = {The milk collection problem with blending and collection points},
journal = {Computers and Electronics in Agriculture},
year = {2017},
volume = {134},
pages = {109--123},
}

@Article{Compartimientos,
author = {Kanchana Sethanan, Rapeepan Pitakaso},
title = {Differential evolution algorithms for scheduling raw milk transportation},
journal = {Computers and Electronics in Agriculture},
year = {2016},
volume = {121},
pages = {245--259},
}

@Article{VRP,
author = {G. B. Dantzig and J. H. Ramser},
title = {The truck dispatching problem},
journal = {Management Science},
year = {1959},
volume = {6},
number = {1},
pages = {80-91},
}

@Article{LRP,
author = {Mohammad Kamran Mumtaz, Suleman Dawood, Muhammad Naiman Jalil and Kamran Ali Chatha},
title = {Designing the Milk Collection Network using Integrated Location Routing Approach},
journal = {International Conference on Industrial Engineering and Operations Management},
year = {2014},
}

@Article{MCPB,
author = {Germ\'an Paredes-Belmar, Vladimir Marianov, Andr\'es Bronfman, Carlos Obreque, Armin L\"uer-Villagra },
title = {A milk collection problem with blending},
journal = {Transportation Research Part E},
year = {2016},
volume = {94},
pages = {26-43},
}

@Article{genetico,
author = {Diego Escobar Boehmwald},
title = {Un enfoque de algoritmo gen\'etico aplicado a un problema de recolecci\'on de leche en Chile},
year = {2019}
}